@article{kadomtsev1975disruptive,
  title={Disruptive instability in tokamaks},
  author={Kadomtsev, Boris B},
  journal={Soviet Journal of Plasma Physics},
  volume={1},
  pages={710--715},
  year={1975}
}
@article{coppi1976resistive,
  title={Resistive internal kink modes},
  author={Coppi, B and Galvao, R and Pellat, R and Rosenbluth, M and Rutherford, P},
  journal={Fizika Plazmy},
  volume={2},
  pages={961--966},
  year={1976}
}
@article{kolesnichenko1996theory,
  title={Theory of fast ion transport during sawtooth crashes in tokamaks},
  author={Kolesnichenko, Ya I and Yakovenko, Yu V},
  journal={Nuclear fusion},
  volume={36},
  number={2},
  pages={159},
  year={1996},
  publisher={IOP Publishing}
}
@article{von1974studies,
  title={Studies of internal disruptions and m= 1 oscillations in tokamak discharges with softâ€”x-ray tecniques},
  author={Von Goeler, S and Stodiek, W and Sauthoff, N},
  journal={Physical Review Letters},
  volume={33},
  number={20},
  pages={1201},
  year={1974},
  publisher={APS}
}
@article{vershkov1974role,
  title={Role of impurities in current tokamak experiments},
  author={Vershkov, VA and Mirnov, SV},
  journal={Nuclear Fusion},
  volume={14},
  number={3},
  pages={383},
  year={1974},
  publisher={IOP Publishing}
}
@article{jaulmes2014redistribution,
  title={Redistribution of fast ions during sawtooth reconnection},
  author={Jaulmes, F and Westerhof, E and de Blank, HJ},
  journal={Nuclear Fusion},
  volume={54},
  number={10},
  pages={104013},
  year={2014},
  publisher={IOP Publishing}
}
@book{wesson2011tokamaks,
  title={Tokamaks},
  author={Wesson, John and Campbell, David J},
  volume={149},
  year={2011},
  publisher={Oxford University Press}
}
